@online{caret,
  author = {Max Kuhn},
  title = {The caret Package},
  year = 2016-11-29,
  url = {http://topepo.github.io/caret/random-hyperparameter-search.html},
  urldate = {2016-12-28}
}

@INPROCEEDINGS{EggFeuBerSnoHooHutLey13,
  lAUTHOR =       {Katharina Eggensperger and Matthias Feurer and Frank Hutter and James Bergstra and Jasper Snoek and Holger Hoos and Kevin Leyton-Brown},
  AUTHOR =       {K. Eggensperger and M. Feurer and F. Hutter and J. Bergstra and J. Snoek and H. Hoos and K. Leyton-Brown},
  TITLE =        {Towards an Empirical Foundation for Assessing Bayesian Optimization of Hyperparameters},
  BOOKTITLE =    {NIPS workshop on Bayesian Optimization in Theory and Practice},
  YEAR =         {2013}
}
