@Article{ LM11,
title = {Research Opportunities in Automl},
author = {Rich Caruana},
journal = {Automl Workshop, ICML 2015}, 
year = "2015"
}


